@article{nguyen2018survey,
  title={A survey about consensus algorithms used in blockchain},
  author={Nguyen, Giang-Truong and Kim, Kyungbaek},
  journal={Journal of Information processing systems},
  volume={14},
  number={1},
  pages={101--128},
  year={2018},
  publisher={Korea Information Processing Society}
}

@article{lamportbft,
  title={The weak Byzantine generals problem},
  author={Lamport, Leslie},
  journal={Journal of the ACM (JACM)},
  volume={30},
  number={3},
  pages={668--676},
  year={1983},
  publisher={ACM New York, NY, USA}
}

@article{burger2019distributed,
  title={Why distributed?: A critical review of the tradeoffs between centralized and decentralized resources},
  author={Burger, Scott P and Jenkins, Jesse D and Huntington, Samuel C and Perez-Arriaga, Ignacio J},
  journal={IEEE Power and Energy Magazine},
  volume={17},
  number={2},
  pages={16--24},
  year={2019},
  publisher={IEEE}
}

@article{carlsson1992consensus,
  title={Consensus in distributed soft environments},
  author={Carlsson, Christer and Ehrenberg, Dieter and Eklund, Patrik and Fedrizzi, Mario and Gustafsson, Patrik and Lindholm, Paul and Merkuryeva, Galina and Riissanen, Tony and Ventre, Aldo GS},
  journal={European Journal of Operational Research},
  volume={61},
  number={1-2},
  pages={165--185},
  year={1992},
  publisher={Elsevier}
}

@article{panda2018efficient,
  title={An efficient data replication algorithm for distributed systems},
  author={Panda, Sanjaya Kumar and Naik, Saswati},
  journal={International Journal of Cloud Applications and Computing (IJCAC)},
  volume={8},
  number={3},
  pages={60--77},
  year={2018},
  publisher={IGI Global}
}

@article{butun2020review,
  title={A review of distributed access control for blockchain systems towards securing the internet of things},
  author={Butun, Ismail and {\"O}sterberg, Patrik},
  journal={IEEE Access},
  volume={9},
  pages={5428--5441},
  year={2020},
  publisher={IEEE}
}

@article{nofer2017blockchain,
  title={Blockchain},
  author={Nofer, Michael and Gomber, Peter and Hinz, Oliver and Schiereck, Dirk},
  journal={Business \& Information Systems Engineering},
  volume={59},
  number={3},
  pages={183--187},
  year={2017},
  publisher={Springer}
}

@article{lamport2001paxos,
  title={Paxos made simple},
  author={Lamport, Leslie},
  journal={ACM SIGACT News (Distributed Computing Column) 32, 4 (Whole Number 121, December 2001)},
  pages={51--58},
  year={2001}
}

@inproceedings{ongaro2014search,
  title={In search of an understandable consensus algorithm},
  author={Ongaro, Diego and Ousterhout, John},
  booktitle={2014 USENIX Annual Technical Conference (Usenix ATC 14)},
  pages={305--319},
  year={2014}
}

@inproceedings{castro1999practical,
  title={Practical byzantine fault tolerance},
  author={Castro, Miguel and Liskov, Barbara and others},
  booktitle={OsDI},
  volume={99},
  number={1999},
  pages={173--186},
  year={1999}
}

@inproceedings{gervais2016security,
  title={On the security and performance of proof of work blockchains},
  author={Gervais, Arthur and Karame, Ghassan O and W{\"u}st, Karl and Glykantzis, Vasileios and Ritzdorf, Hubert and Capkun, Srdjan},
  booktitle={Proceedings of the 2016 ACM SIGSAC conference on computer and communications security},
  pages={3--16},
  year={2016}
}

@article{king2012ppcoin,
  title={Ppcoin: Peer-to-peer crypto-currency with proof-of-stake},
  author={King, Sunny and Nadal, Scott},
  journal={self-published paper, August},
  volume={19},
  number={1},
  year={2012}
}
