
@Book{gG07,
	author = "Gratzer, George A.",
	title = "More Math Into LaTeX",
	publisher = "Birkhauser",
	address = "Boston",
	year = 2007,
	edition = "4th"
}


@misc{haskell,
	title="The Haskell purely functional programming language [Электронный ресурс]",
	howpublished="Режим доступа: \url{https://haskell.org/}",
	note="Дата обращения: 16.09.2020"
}

@misc{c++,
	title="News, Status & Discussion about Stadard C++ [Электронный ресурс]",
	howpublished="Режим доступа: \url{https://isocpp.org}",
	note="Дата обращения: 20.09.2020"
}

@misc{debian,
	title="Debian -- универсальная операционная система [Электронный ресурс]",
	howpublished="Режим доступа: \url{https://www.debian.org/}",
	note="Дата обращения: 20.09.2020"
}

@misc{linux,
	title="Linux -- Getting Started [Электронный ресурс]",
	howpublished="Режим доступа: \url{https://linux.org}",
	note="Дата обращения: 20.09.2020"
}

@misc{i5,
	title="Процессор Intel® Core™ i5-3550 [Электронный ресурс]",
	howpublished="Режим доступа: \url{https://ark.intel.com/content/www/ru/ru/ark/products/65516/intel-core-i5-3550-processor-6m-cache-up-to-3-70-ghz.html}",
	note="Дата обращения: 20.09.2020"
}

@misc{profiling,
	title="Profiling -- Haskell profiling [Электронный ресурс]",
	howpublished="Режим доступа: \url{https://downloads.haskell.org/ghc/8.8.1/docs/html/user_guide/index.html}",
	note="Дата обращения: 20.09.2020"
}

@misc{Patterson:CSD-87-391,
    Author = {Patterson, David A. and Gibson, Garth A. and Katz, Randy H.},
    Title = {A Case for Redundant Arrays of Inexpensive Disks (RAID)},
    Institution = {EECS Department, University of California, Berkeley},
    Year = {1987},
    Month = {Dec},
    howpublished = { // [Электронный ресурс] Berkeley, Electrical Engineering and Computer Sciences. 
	Режим доступа: \url{http://www2.eecs.berkeley.edu/Pubs/TechRpts/1987/5853.html}, свободный.(дата обращения 30.01.2021)},
    Number = {UCB/CSD-87-391},
    Abstract = {Increasing performance of CPUs and memories will be squandered if not matched by a similar performance increase in I/O. 
	While the capacity of Single Large Expensive Disk (SLED) has grown rapidly, the performance improvement of SLED has been modest. 
	Redundant Arrays of Inexpensive Disks (RAID), based on the magnetic disk technology developed for personal computers, offers an 
	attractive alternative to SLED, promising improvements of an order of magnitude in performance, reliability, power consumption, 
	and scalability. <p>This paper introduces five levels of RAIDs, giving their relative cost/performance, and compares RAIDs to an 
	IBM 3380 and a Fugitsu Super Eagle.}
}

@misc{Savin,
Author = {И.В. Савин},
Title = {ОСОБЕННОСТИ ОБЕСПЕЧЕНИЯ ОТКАЗОУСТОЙЧИВОСТИ, СОХРАННОСТИ И ДОСТУПНОСТИ ДАННЫХ},
Institution = {Известия ТулГУ. Технические науки. 2019. Вып. 3},
Year = {2019},
howpublished = { // [Электронный ресурс] Киберленинка 
Режим доступа: \url{https://cyberleninka.ru/article/n/osobennosti-obespecheniya-otkazoustoychivosti-sohrannosti-i-dostupnosti-dannyh/viewer}, свободный.(дата обращения 31.01.2021)}
}
