
@Article{JPEG1,
author = { Куркина М. В. ,  Пономарев И. , В.},
title = {Стеганографические методы, устойчивые к JPEG сжатию},
journal = {Известия АлтГУ. Математика и механика.},
year = {2021},
OPTkey = {•},
pages = {10},
OPTnumber = {•},
OPTpages = {•},
OPTmonth = {•},
OPTnote = {•},
OPTannote = {•}
}

        
@InProceedings{RLE,
    author = {М. П. Бакулина},
    title = {МЕТОД ЭФФЕКТИВНОГО СЖАТИЯ
БОЛЬШИХ ИНФОРМАЦИОННЫХ МАССИВОВ},
    
    pages = {9},
    year = {2020},
    OPTeditor = {•},
    OPTvolume = {15},
    OPTnumber = {•},
    OPTseries = {•},
    OPTaddress = {•},
    OPTmonth = {•},
    OPTorganization = {Институт вычислительной математики и математической геофизики},
    OPTpublisher = {•},
    OPTnote = {•},
    OPTannote = {•}
    }
        

@Article{haff,
    author = {Дудников Е. А. , Алексеев К. , Н. },
    title = {ВЫСОКОСКОРОСТНОЕ КОДИРОВАНИЕ ПЛОТНЫХ ПОТОКОВ ДАННЫХ МЕТОДОМ
ХАФФМАНА НА ПЛИС},
    journal = {German International Journal of Modern Science №9},
    year = {2021},
                OPTkey = {•},
                pages = {9},
                OPTnumber = {•},
                OPTpages = {•},
                OPTmonth = {•},
                OPTnote = {•},
                OPTannote = {•}
                }
 
@Article{LZW,
                          author = {Молодкин И. А.  ,  Шурыгин Е. , М.},
                          title = {Характеристики алгоритма сжатия данных
без потерь на основе псевдорегулярных чисел},
                          journal = {Intellectual Technologies on Transport},
                          year = {2019},
                          OPTkey = {•},
                          pages = {12},
                          OPTnumber = {•},
                          OPTpages = {•},
                          OPTmonth = {•},
                          OPTnote = {•},
                          OPTannote = {•}
                          }
                                                    
@Article{frac,
                                                    author = { Руслан Олегович Шепиль},
                                                    title = {СЖАТИЕ ДАННЫХ И КАК УСТРОЕНЫ АРХИВАТОРЫ},
                                                    journal = {Научно-образовательный журнал для студентов и преподавателей «StudNet»},
                                                    year = {2020},
                                                    OPTkey = {•},
                                                    pages = {9},
                                                    OPTnumber = {•},
                                                    OPTpages = {•},
                                                    OPTmonth = {•},
                                                    OPTnote = {•},
                                                    OPTannote = {•}
                                                    }
                                                                                                        
@Article{DI,
                                                                                                 author = {Ю. И. Голуб},
                                                                                                 title = {ОЦЕНКА КАЧЕСТВА ЦИФРОВЫХ ИЗОБРАЖЕНИЙ},
                                                                                                 journal = {СИСТЕМНЫЙ АНАЛИЗ},
                                                                                                 year = {2021},
                                                                                                 OPTkey = {•},
                                                                                                 pages = {13},
                                                                                                 OPTnumber = {•},
                                                                                                 OPTpages = {•},
                                                                                                 OPTmonth = {•},
                                                                                                 OPTnote = {•},
                                                                                                 OPTannote = {•}
                                                                                                 }
                                                                                                                                                                                                  
                                                                                                                                                                                                  @Article{fr,
                                                                                                                                                                                                  author = { М. Д. Чекина },
                                                                                                                                                                                                  title = {РЕАЛИЗАЦИЯ ФРАКТАЛЬНОГО СЖАТИЯ И ДЕКОМПРЕССИИ
ИЗОБРАЖЕНИЙ ПАРАЛЛЕЛЬНО-КОВЕЙЕРНЫМ СПОСОБОМ
НА РЕКОНФИГУРИРУЕМЫХ ВЫЧИСЛИТЕЛЬНЫХ СИСТЕМАХ},
                                                                                                                                                                                                  journal = {Известия ЮФУ. Технические науки},
                                                                                                                                                                                                  year = {2020},
                                                                                                                                                                                                  OPTkey = {•},
                                                                                                                                                                                                  pages = {7},
                                                                                                                                                                                                  OPTnumber = {•},
                                                                                                                                                                                                  OPTpages = {•},
                                                                                                                                                                                                  OPTmonth = {•},
                                                                                                                                                                                                  OPTnote = {•},
                                                                                                                                                                                                  OPTannote = {•}
                                                                                                                                                                                                  }
                                                                                                                                                                                                  
                                                                                                                                                                                                  
                                                                                                                                                                                                  @Article{class,
                                                                                                                                                                                                  author = {В. Г. Иванов},
                                                                                                                                                                                                  title = {АНАЛИЗ И КЛАССИФИКАЦИЯ МЕТОДОВ СЖАТИЯ
ИЗОБРАЖЕНИЙ},
                                                                                                                                                                                                  journal = {Herald of the National Technical University "KhPI".},
                                                                                                                                                                                                  year = {2018},
                                                                                                                                                                                                  OPTkey = {•},
                                                                                                                                                                                                  pages = {10},
                                                                                                                                                                                                  OPTnumber = {•},
                                                                                                                                                                                                  OPTpages = {•},
                                                                                                                                                                                                  OPTmonth = {•},
                                                                                                                                                                                                  OPTnote = {•},
                                                                                                                                                                                                  OPTannote = {•}
                                                                                                                                                                                                  }

@Article{9,
                                                                                                                                                                                                  author = {Д. Г. Нуралин },
                                                                                                                                                                                                  title = {СРАВНИТЕЛЬНЫЙ АНАЛИЗ ЭФФЕКТИВНОСТИ ГИБРИДНЫХ
МЕТОДОВ СЖАТИЯ ИЗОБРАЖЕНИЙ, ИСПОЛЬЗУЮЩИХ
АЛГОРИТМ ХАФФМАНА},
                                                                                                                                                                                                  journal = {ВЕСТНИК НАУКИ И ОБРАЗОВАНИЯ},
                                                                                                                                                                                                  year = {2020},
                                                                                                                                                                                                  OPTkey = {•},
                                                                                                                                                                                                  pages = {8},
                                                                                                                                                                                                  OPTnumber = {•},
                                                                                                                                                                                                  OPTpages = {•},
                                                                                                                                                                                                  OPTmonth = {•},
                                                                                                                                                                                                  OPTnote = {•},
                                                                                                                                                                                                  OPTannote = {•}
                                                                                                                                                                                                  }
                                                                                                                                                                                                  
                                                                                                                                                                                                  @Article{91,
                                                                                                                                                                                                  author = {Сахибназарова В. Б. , Кудрина М. , А.},
                                                                                                                                                                                                  title = {ИССЛЕДОВАНИЕ ВАРИАНТОВ РЕАЛИЗАЦИИ И МЕТОДОВ УСКОРЕНИЯ ФРАКТАЛЬНОГО СЖАТИЯ ИЗОБРАЖЕНИЙ},
                                                                                                                                                                                                  journal = {Труды Международного симпозиума «Надежность и качество»},
                                                                                                                                                                                                  year = {2018},
                                                                                                                                                                                                  OPTkey = {•},
                                                                                                                                                                                                  pages = {7},
                                                                                                                                                                                                  OPTnumber = {•},
                                                                                                                                                                                                  OPTpages = {•},
                                                                                                                                                                                                  OPTmonth = {•},
                                                                                                                                                                                                  OPTnote = {•},
                                                                                                                                                                                                  OPTannote = {•}
                                                                                                                                                                                                  }
                                                                                                                                                                                                  
                                                                                                                                                                                              
                                                                                                                                                                                                                                                                                                                                                                                                    
                                                                                                                                                                                                                                                                                                                                                                                                    @Article{10,
                                                                                                                                                                                                                                                                                                                                                                                                    author = {Горячкин Б. С., Попова И. , А.},
                                                                                                                                                                                                                                                                                                                                                                                                    title = {ОЦЕНКА ВЛИЯНИЯ АЛГОРИТМОВ СЖАТИЯ РАСТРОВЫХ
ИЗОБРАЖЕНИЙ НА КАЧЕСТВО ПОЛУЧЕННЫХ ИЗОБРАЖЕНИЙ},
                                                                                                                                                                                                                                                                                                                                                                                                    journal = {Информационные технологии},
                                                                                                                                                                                                                                                                                                                                                                                                    year = {2020},
                                                                                                                                                                                                                                                                                                                                                                                                    OPTkey = {•},
                                                                                                                                                                                                                                                                                                                                                                                                    pages = {3},
                                                                                                                                                                                                                                                                                                                                                                                                    OPTnumber = {•},
                                                                                                                                                                                                                                                                                                                                                                                                    OPTpages = {•},
                                                                                                                                                                                                                                                                                                                                                                                                    OPTmonth = {•},
                                                                                                                                                                                                                                                                                                                                                                                                    OPTnote = {•},
                                                                                                                                                                                                                                                                                                                                                                                                    OPTannote = {•}
                                                                                                                                                                                                                                                                                                                                                                                                    }
                                                                                                                                                                                                                                                                                                                                                                                                    
                                                                                                                                                                                                                                                                                                                                                                                                    @Article{haff2,
                                                                                                                                                                                                                                                                                                                                                                                                    author = {Kostikov V. A. Maslova M. , A.},
                                                                                                                                                                                                                                                                                                                                                                                                    title = {COMPRESSION OF ENCRYPTED AND HIDDEN DATA. FIXING
THE AVERAGE TIME WHEN PERFORMING THE HUFFMAN
CODING ALGORITHM},
                                                                                                                                                                                                                                                                                                                                                                                                    journal = {Research result. Information
technologies},
                                                                                                                                                                                                                                                                                                                                                                                                    year = {2021},
                                                                                                                                                                                                                                                                                                                                                                                                    OPTkey = {•},
                                                                                                                                                                                                                                                                                                                                                                                                    volume = {6},
                                                                                                                                                                                                                                                                                                                                                                                                    number = {4},
                                                                                                                                                                                                                                                                                                                                                                                                    OPTpages = {•},
                                                                                                                                                                                                                                                                                                                                                                                                    OPTmonth = {•},
                                                                                                                                                                                                                                                                                                                                                                                                    OPTnote = {•},
                                                                                                                                                                                                                                                                                                                                                                                                    OPTannote = {•}
                                                                                                                                                                                                                                                                                                                                                                                                    }
                                                                                                                                                                                                                                                                                                                                                                                                    