@online{TLS13,
	ALTauthor = {author},
	ALTeditor = {editor},
	title = {The Transport Layer Security (TLS) Protocol Version 1.3},
	date = {date},
	url = {https://datatracker.ietf.org/doc/html/rfc8446#section-7.4.1},
	OPTsubtitle = {subtitle},
	OPTtitleaddon = {titleaddon},
	OPTlanguage = {language},
	OPTversion = {version},
	OPTnote = {note},
	OPTorganization = {organization},
	OPTdate = {date},
	OPTmonth = {month},
	OPTyear = {year},
	OPTaddendum = {addendum},
	OPTpubstate = {pubstate},
	OPTurldate = {urldate},
}

@online{TLS12,
	ALTauthor = {author},
	ALTeditor = {editor},
	title = {The Transport Layer Security (TLS) Protocol
	Version 1.2},
	date = {date},
	url = {https://datatracker.ietf.org/doc/html/rfc5246#section-4.7},
	OPTsubtitle = {subtitle},
	OPTtitleaddon = {titleaddon},
	OPTlanguage = {language},
	OPTversion = {version},
	OPTnote = {note},
	OPTorganization = {organization},
	OPTdate = {date},
	OPTmonth = {month},
	OPTyear = {year},
	OPTaddendum = {addendum},
	OPTpubstate = {pubstate},
	OPTurldate = {urldate},
}

@online{RSA,
	ALTauthor = {author},
	ALTeditor = {editor},
	title = {PKCS #1: RSA Cryptography Specifications Version 2.2},
	date = {date},
	url = {https://datatracker.ietf.org/doc/html/rfc8017},
	OPTsubtitle = {subtitle},
	OPTtitleaddon = {titleaddon},
	OPTlanguage = {language},
	OPTversion = {version},
	OPTnote = {note},
	OPTorganization = {organization},
	OPTdate = {date},
	OPTmonth = {month},
	OPTyear = {year},
	OPTaddendum = {addendum},
	OPTpubstate = {pubstate},
	OPTurldate = {urldate},
}

@online{DH,
	ALTauthor = {author},
	ALTeditor = {editor},
	title = {Diffie-Hellman Key Agreement Method},
	date = {date},
	url = {https://datatracker.ietf.org/doc/html/rfc2631},
	OPTsubtitle = {subtitle},
	OPTtitleaddon = {titleaddon},
	OPTlanguage = {language},
	OPTversion = {version},
	OPTnote = {note},
	OPTorganization = {organization},
	OPTdate = {date},
	OPTmonth = {month},
	OPTyear = {year},
	OPTaddendum = {addendum},
	OPTpubstate = {pubstate},
	OPTurldate = {urldate},
}


